@inproceedings{ONeill2021Confidence,
title={{Measuring and modeling confidence in human causal judgment}},
author={\textbf{O'Neill, K.} and Henne, P. and Pearson, J. and De Brigard, F.},
booktitle={Workshop on Metacognition in the Age of AI: Challenges and Opportunities,
35th Conference on Neural Information Processing Systems (NeurIPS 2021), Sydney, Australia},
year={2021}
}

@inproceedings{Yin2019,
title={{The effect of category learning on recognition memory: a signal detection theory analysis}},
author={Yin, S. and \textbf{O'Neill, K.} and Brady, T. and De Brigard, F.},
year={2019},
booktitle={{Proceedings of the 41st Annual Meeting of the Cognitive
                  Science Society}}
}

@inproceedings{Bello2019,
  title={{Artificial agency requires attention: the case of intentional action.}},
  author={Bello, P. and \textbf{O'Neill, K}. and Bridewell, W.},
  booktitle={{AAAI Spring Symposium: Towards Conscious AI Systems}},
  year={2019}
}

@inproceedings{ONeill2018,
title={{Time-based resource sharing in ARCADIA}},
author={\textbf{O'Neill, K.} and Bridewell, W. and Bello, P.},
year={2018},
booktitle={{Proceedings of the 40th Annual Meeting of the Cognitive
                  Science Society}}
}

@inproceedings{Bello2018,
title={{An attention-driven model of human causal reasoning}},
author={Bello, P. and Lovett, A. and Briggs, G. and \textbf{O'Neill, K.}},
year={2018},
booktitle={{Proceedings of the 40th Annual Meeting of the Cognitive
                  Science Society}}
}
