@article{ONeill2021Confidence,
title={{A unified model of confidence in causal judgment}},
author={\textbf{O'Neill, K.} and Henne, P. and Pearson, J. and De Brigard, F.},
journal={},
year={In preparation}
}

@article{Krasich2021Fixation,
title={{A mind lively and at ease: What fixation durations say about the extent of visual processing}},
author={Krasich, K. and \textbf{O'Neill, K.} and Murray, S. and Nuthmann, A. and De Brigard, F.},
journal={},
year={In preparation}
}

@article{ONeill2021Category,
  title={Effects of category learning strategies on recognition memory},
  author={\textbf{O'Neill, Kevin} and Liu, Audrey and Yin, Siyuan and Brady, Timothy and De Brigard, Felipe},
  journal={Memory \& cognition},
  pages={1--15},
  year={2021},
  publisher={Springer}
}

@article{Khoudary2021CFT,
title={Neural differences in dispositional versus situational-based counterfactual thoughts},
author={Khoudary, Maria and \textbf{O'Neill, Kevin} and Faul, Leonard and Murray, Samuel and Smallman, Rachel and De Brigard, Felipe},
journal={},
year={In preparation}
}

@article{Khoudary2021MFT,
title={A Functional Neuroimaging Investigation of Moral Foundations Theory},
author={Khoudary, M. and Hanna, E. and \textbf{O’Neill, K.} and Iyengar, V. and Clifford, S. and De Brigard, F. and Cabeza, R. and Sinnott-Armstrong, W.},
journal={},
year={Under review}
}

@article{Henne2021,
title={{Double Prevention and Counterfactual Thinking}},
author={Henne, P. and \textbf{O'Neill, K.}},
journal={},
year={Under review}
}

@article{Murray2021,
title={{What you foresee isn’t what you forget: No evidence for the influence of epistemic states on causal judgments for abnormal negligent behavior}},
author={Murray, S. and Henne, P. and \textbf{O'Neill, K.} and Wang, J. and De Brigard, F.},
journal={},
year={Under review}
}

@article{Krasich2021Cause,
title={{Eye tracking mental simulations during retrospective causal reasoning}},
author={Krasich, K. and \textbf{O'Neill, K.} and De Brigard, F.},
journal={},
year={Under review}
}

@article{Henne2020,
title={{Norms Affect Prospective Causal Judgments}},
author={Henne, P. and \textbf{O'Neill, K.} and Bello, P. and Khemlani, S. and De Brigard, F.},
journal={Cognitive Science},
year={2020}
}

@article{ONeill2020Causation,
title={{Confidence and Gradation in Causal Judgments}},
author={\textbf{O'Neill, K.} and Henne, P. and Bello, P. and De Brigard, F.},
journal={},
year={Under review}
}

@article{ONeill2020MW,
title={{Dissociating the Freely-Moving Thought Dimension of Mind-Wandering from the Intentionality and Task-Unrelated Thought Dimensions}},
author={\textbf{O'Neill, K.} and Smith, A. P. and Smilek, D. and Seli, P.},
journal={Psychological Research},
year={2020}
}

@article{Seli2020,
  title={Mind-wandering across the age gap: Age-related differences in mind-wandering are partially attributable to age-related differences in motivation},
  author={Seli, Paul and \textbf{O’Neill, K.} and Carriere, Jonathan SA and Smilek, Daniel and Beaty, Roger E and Schacter, Daniel L},
  journal={The Journals of Gerontology: Series B},
  year={2020}
}

@article{ONeill2019BBS,
title={Two Challenges for a Dual System Approach to Temporal Cognition [{Commentary on ``Thinking in and about Time: A Dual Systems Perspective on Temporal Cognition'' by Hoerl, C. and McCormack, T.}]},
author={\textbf{O'Neill, K.} and De Brigard, F.},
journal={Brain and Behavioral Sciences},
pages={1--77},
year={2019}
}

@inbook{Govindarajulu2018,
title={{Ethical Operating Systems}},
author={{Govindarajulu, N. S. and Bringsjord, S. and Sen, A. and Paquin, J. C. and \textbf{O’Neill, K.}}},
editor={{De Mol, Liesbeth and Primiero, Giuseppe}},
booktitle={{Reflections on Programming Systems: Historical and Philosophical Aspects}},
volume={133},
publisher={Springer},
address={Cham},
pages={235--260},
year={2018}
}

@article{Bringsjord,
title={Third-Millenium Computational Logic},
author={Bringsjord, S. and \textbf{O'Neill, K.}},
journal={Minds and Machines},
publisher={Springer},
year={In Press}
}